Automatically generated by Mendeley Desktop 1.12.3-dev1
Any changes to this file will be lost if it is regenerated by Mendeley.

BibTeX export options can be customized via Options -> BibTeX in Mendeley Desktop

@article{Horwitz1990,
author = {Horwitz, S and Reps, T and Binkley, D},
file = {:home/etn/Documents/PhD/Biblio/Horwitz, Reps, Binkley - 1990 - Interprocedural slicing using dependence graphs.pdf:pdf},
journal = {ACM Transactions on Programming  \ldots},
title = {{Interprocedural slicing using dependence graphs}},
url = {http://dl.acm.org/citation.cfm?id=77608},
year = {1990}
}
@article{Jones2003,
author = {Jones, J},
journal = {Proceedings of the 10th Conference on Pattern Languages of Programs (PLoP2003)},
title = {{Abstract syntax tree implementation idioms}},
url = {http://scholar.google.com/scholar?hl=en&btnG=Search&q=intitle:Abstract+Syntax+Tree+Implementation+Idioms#1 http://scholar.google.com/scholar?hl=en&btnG=Search&q=intitle:Abstract+syntax+tree+implementation+idioms#1},
year = {2003}
}
@article{Cytron1989,
author = {Cytron, R and Ferrante, J and Rosen, BK},
file = {:home/etn/Documents/PhD/Biblio/Cytron, Ferrante, Rosen - 1989 - An efficient method of computing static single assignment form.pdf:pdf},
journal = {Proceedings of the 16th \ldots},
title = {{An efficient method of computing static single assignment form}},
url = {http://dl.acm.org/citation.cfm?id=75280},
year = {1989}
}
@article{Tip1995,
author = {Tip, F},
file = {:home/etn/Documents/PhD/Biblio/Tip - 1995 - A survey of program slicing techniques.pdf:pdf},
journal = {Journal of programming languages},
title = {{A survey of program slicing techniques}},
url = {http://www.cse.buffalo.edu/LRG/CSE605/Papers/slicing-survey-tip.pdf},
year = {1995}
}
@article{Agrawal1990,
author = {Agrawal, H and Horgan, JR},
file = {:home/etn/Documents/PhD/Biblio/Agrawal, Horgan - 1990 - Dynamic program slicing.pdf:pdf},
journal = {ACM SIGPLAN Notices},
title = {{Dynamic program slicing}},
url = {http://dl.acm.org/citation.cfm?id=93576},
year = {1990}
}
@article{Alpern1988,
author = {Alpern, B and Wegman, MN and Zadeck, FK},
file = {:home/etn/Documents/PhD/Biblio/Alpern, Wegman, Zadeck - 1988 - Detecting equality of variables in programs.pdf:pdf},
journal = {\ldots  of the 15th ACM SIGPLAN-SIGACT \ldots},
title = {{Detecting equality of variables in programs}},
url = {http://dl.acm.org/citation.cfm?id=73561},
year = {1988}
}
@article{Cytron1991,
author = {Cytron, R and Ferrante, J and Rosen, BK},
file = {:home/etn/Documents/PhD/Biblio/Cytron, Ferrante, Rosen - 1991 - Efficiently computing static single assignment form and the control dependence graph.pdf:pdf},
journal = {ACM Transactions on \ldots},
title = {{Efficiently computing static single assignment form and the control dependence graph}},
url = {http://dl.acm.org/citation.cfm?id=115320},
year = {1991}
}
@article{Ferrante1987,
author = {Ferrante, J and Ottenstein, KJ and Warren, JD},
file = {:home/etn/Documents/PhD/Biblio/Ferrante, Ottenstein, Warren - 1987 - The program dependence graph and its use in optimization.pdf:pdf},
journal = {ACM Transactions on \ldots},
title = {{The program dependence graph and its use in optimization}},
url = {http://dl.acm.org/citation.cfm?id=24041},
year = {1987}
}
@article{Rosen1988,
author = {Rosen, BK and Wegman, MN and Zadeck, FK},
file = {:home/etn/Documents/PhD/Biblio/Rosen, Wegman, Zadeck - 1988 - Global value numbers and redundant computations.pdf:pdf},
journal = {\ldots of the 15th ACM SIGPLAN-SIGACT \ldots},
title = {{Global value numbers and redundant computations}},
url = {http://dl.acm.org/citation.cfm?id=73562},
year = {1988}
}
