@article{Akidau2013,
author = {Akidau, T and Balikov, A},
journal = {Proceedings of the VLDB Endowment 6.11},
title = {MillWheel: Fault-Tolerant Stream Processing at Internet Scale},
url = {http://research.google.com/pubs/archive/41378.pdf},
year = {2013}
}
@misc{flx-example,
author = {Brodu, Etienne},
doi = {10.5281/zenodo.11945},
title = {flx-example},
url = {https://github.com/etnbrd/flx-example/tree/1.0},
urldate = {22/08/2014}
}
@article{Elliott1997,
author = {Elliott, C and Hudak, Paul},
journal = {ACM SIGPLAN Notices},
title = {{Functional reactive animation}},
url = {http://dl.acm.org/citation.cfm?id=258973},
year = {1997}
}
@book{Fox1997,
author = {Fox, A and Gribble, SD and Chawathe, Y and Brewer, EA and Gauthier, P},
file = {:home/etn/Documents/PhD/Biblio/Fox et al. - 1997 - Cluster-based scalable network services.pdf:pdf},
title = {{Cluster-based scalable network services}},
url = {http://dl.acm.org/citation.cfm?id=266662},
year = {1997}
}
@article{Jain2006,
author = {Jain, N and Amini, L and Andrade, H and King, R},
file = {:home/etn/Documents/PhD/Biblio/Jain et al. - 2006 - Design, implementation, and evaluation of the linear road benchmark on the stream processing core.pdf:pdf},
journal = {SIGMOD '06 Proceedings of the 2006 ACM SIGMOD international conference on Management of data},
title = {{Design, implementation, and evaluation of the linear road benchmark on the stream processing core}},
url = {http://dl.acm.org/citation.cfm?id=1142522},
year = {2006}
}
@book{Liskov1988,
author = {Liskov, B and Shrira, L},
title = {{Promises: linguistic support for efficient asynchronous procedure calls in distributed systems}},
url = {http://dl.acm.org/citation.cfm?id=54016},
year = {1988}
}
@article{Qian2013,
author = {Qian, Z and He, Y and Su, C and Wu, Z and Zhu, H},
journal = {Proceedings of the 8th ACM European Conference on Computer Systems (EuroSys '13)},
title = {{Timestream: Reliable stream computation in the cloud}},
url = {http://dl.acm.org/citation.cfm?id=2465353},
year = {2013}
}
@book{Welsh2000,
author = {Welsh, M and Gribble, SD and Brewer, EA and Culler, D},
file = {:home/etn/Documents/PhD/Biblio/Welsh et al. - 2000 - A design framework for highly concurrent systems.pdf:pdf},
title = {{A design framework for highly concurrent systems}},
url = {http://www.cs.berkeley.edu/$\sim$culler/papers/events.pdf},
year = {2000}
}
@article{Zaharia2012,
author = {Zaharia, M and Das, T and Li, H and Shenker, S and Stoica, I},
journal = {HotCloud'12 Proceedings of the 4th USENIX conference on Hot topics in loud computing},
title = {{Discretized streams: an efficient and fault-tolerant model for stream processing on large clusters}},
url = {https://www.usenix.org/system/files/conference/hotcloud12/hotcloud12-final28.pdf},
year = {2012}
}